<record><leader>00000cas a22000008i 4500</leader><controlfield tag="001">941768133</controlfield><controlfield tag="008">160229c20169999ncudn ne      |   a0eng  </controlfield><datafield ind1=" " ind2=" " tag="010"><subfield code="a">  2016201509</subfield></datafield><datafield ind1=" " ind2=" " tag="040"><subfield code="a">DLC</subfield><subfield code="c">DLC</subfield><subfield code="b">eng</subfield><subfield code="e">rda</subfield><subfield code="d">DLC</subfield></datafield><datafield ind1=" " ind2=" " tag="012"><subfield code="l">1</subfield></datafield><datafield ind1="0" ind2=" " tag="022"><subfield code="a">2471-1365</subfield><subfield code="2">1</subfield></datafield><datafield ind1=" " ind2=" " tag="037"><subfield code="b">North Staet Media, LLC, 209 Fayetteville St., Raleigh, NC 27601</subfield><subfield code="c">$2.00 (single issue)</subfield><subfield code="c">$250.00 (yearly)</subfield><subfield code="c">$100.00 (Sun-only)</subfield><subfield code="c">$100.00 (online)</subfield></datafield><datafield ind1=" " ind2=" " tag="042"><subfield code="a">msc</subfield></datafield><datafield ind1="1" ind2="0" tag="050"><subfield code="a">ISSN RECORD</subfield></datafield><datafield ind1="0" ind2="0" tag="245"><subfield code="a">North State journal.</subfield></datafield><datafield ind1="1" ind2=" " tag="246"><subfield code="a">NSJ</subfield></datafield><datafield ind1=" " ind2=" " tag="263"><subfield code="a">201602</subfield></datafield><datafield ind1=" " ind2="1" tag="264"><subfield code="a">Raleigh, NC :</subfield><subfield code="b">Neal Robbins, North State Media, LLC</subfield></datafield><datafield ind1=" " ind2=" " tag="310"><subfield code="a">Daily (except Monday and Sunday)</subfield></datafield><datafield ind1=" " ind2=" " tag="336"><subfield code="a">text</subfield><subfield code="b">txt</subfield><subfield code="2">rdacontent</subfield></datafield><datafield ind1=" " ind2=" " tag="337"><subfield code="a">unmediated</subfield><subfield code="b">n</subfield><subfield code="2">rdamedia</subfield></datafield><datafield ind1=" " ind2=" " tag="338"><subfield code="a">volume</subfield><subfield code="b">nc</subfield><subfield code="2">rdacarrier</subfield></datafield><datafield ind1="2" ind2=" " tag="710"><subfield code="a">North State Media, LLC.</subfield></datafield><datafield ind1="0" ind2="8" tag="776"><subfield code="i">Online version:</subfield><subfield code="t">North State journal</subfield><subfield code="x">2471-1373</subfield><subfield code="w">(DLC)  2016201510</subfield><subfield code="w">(OCoLC)941769063</subfield></datafield><datafield ind1="4" ind2="1" tag="856"><subfield code="u">http://nsjonline.com/</subfield></datafield><datafield ind1=" " ind2=" " tag="936"><subfield code="a">PREPUB: Publication expected: February 2016</subfield></datafield></record>